<?xml version="1.0" encoding="UTF-8"?><collection xmlns="http://www.loc.gov/MARC21/slim"><record><leader>00392nam--2200121-i-4500</leader><controlfield tag="001">000018555</controlfield><controlfield tag="002">20161230</controlfield><controlfield tag="005">20161230201032</controlfield><controlfield tag="008">060222s1000------------r-----000-0-eng-d</controlfield><datafield ind1=" " ind2=" " tag="100"><subfield code="a">Fassbender, Heinrich</subfield></datafield><datafield ind1=" " ind2=" " tag="245"><subfield code="a">Einfuhrung in die messtechnik der kernstrahlung und die anwendung der radioisotope</subfield></datafield><datafield ind1=" " ind2=" " tag="260"><subfield code="a">Stuttgart, Georg Thieme Verlag, 1962. Xviii + 420 P. Mit 240 Figuren</subfield></datafield><datafield ind1=" " ind2=" " tag="852"><subfield code="a">18036</subfield></datafield></record></collection>